<record xmlns="http://www.loc.gov/MARC21/slim">
   <leader>06254cam a2200481 i 4500</leader>
   <controlfield tag="001">6768756</controlfield>
   <controlfield tag="003">OCoLC</controlfield>
   <controlfield tag="005">20141213071015.2</controlfield>
   <controlfield tag="008">140508s2015    enk      b    000 0 eng  </controlfield>
   <datafield ind1=" " ind2=" " tag="010">
      <subfield code="a">  2014017043</subfield>
   </datafield>
   <datafield ind1=" " ind2=" " tag="020">
      <subfield code="a">9781138000766 (hardback)</subfield>
   </datafield>
   <datafield ind1=" " ind2=" " tag="020">
      <subfield code="a">1138000760 (hardback)</subfield>
   </datafield>
   <datafield ind1=" " ind2=" " tag="020">
      <subfield code="a">9781138000773 (paperback)</subfield>
   </datafield>
   <datafield ind1=" " ind2=" " tag="020">
      <subfield code="a">1138000779 (paperback)</subfield>
   </datafield>
   <datafield ind1=" " ind2=" " tag="020">
      <subfield code="z">9780203796146 (ebook)</subfield>
   </datafield>
   <datafield ind1=" " ind2=" " tag="035">
      <subfield code="a">ocn879538910</subfield>
   </datafield>
   <datafield ind1=" " ind2=" " tag="039">
      <subfield code="a">exclude</subfield>
   </datafield>
   <datafield ind1=" " ind2=" " tag="040">
      <subfield code="a">DLC</subfield>
      <subfield code="e">rda</subfield>
      <subfield code="b">eng</subfield>
      <subfield code="c">DLC</subfield>
      <subfield code="d">YDX</subfield>
      <subfield code="d">YDXCP</subfield>
      <subfield code="d">BTCTA</subfield>
      <subfield code="d">BDX</subfield>
      <subfield code="d">OCLCF</subfield>
      <subfield code="d">UKMGB</subfield>
      <subfield code="d">WEA</subfield>
      <subfield code="d">AEU</subfield>
   </datafield>
   <datafield ind1=" " ind2=" " tag="042">
      <subfield code="a">pcc</subfield>
   </datafield>
   <datafield ind1="0" ind2="0" tag="050">
      <subfield code="a">HD75</subfield>
      <subfield code="b">.D4375 2015</subfield>
   </datafield>
   <datafield ind1="0" ind2="0" tag="082">
      <subfield code="a">338.9</subfield>
      <subfield code="2">23</subfield>
   </datafield>
   <datafield ind1=" " ind2=" " tag="084">
      <subfield code="a">BUS072000</subfield>
      <subfield code="a">BUS099000</subfield>
      <subfield code="a">POL044000</subfield>
      <subfield code="2">bisacsh</subfield>
   </datafield>
   <datafield ind1=" " ind2=" " tag="090">
      <subfield code="a">HD 75 D4375 2015</subfield>
      <subfield code="b">AEKC</subfield>
   </datafield>
   <datafield ind1="0" ind2="0" tag="245">
      <subfield code="a">Degrowth :</subfield>
      <subfield code="b">a vocabulary for a new era /</subfield>
      <subfield code="c">edited by Giacomo D'Alisa, Federico Demaria and Giorgos Kallis.</subfield>
   </datafield>
   <datafield ind1=" " ind2="1" tag="264">
      <subfield code="a">Abingdon, Oxon ;</subfield>
      <subfield code="a">New York, NY :</subfield>
      <subfield code="b">Routledge,</subfield>
      <subfield code="c">2015.</subfield>
   </datafield>
   <datafield ind1=" " ind2=" " tag="300">
      <subfield code="a">xxvi, 220 pages ;</subfield>
      <subfield code="c">24 cm</subfield>
   </datafield>
   <datafield ind1=" " ind2=" " tag="336">
      <subfield code="a">text</subfield>
      <subfield code="2">rdacontent</subfield>
   </datafield>
   <datafield ind1=" " ind2=" " tag="337">
      <subfield code="a">unmediated</subfield>
      <subfield code="2">rdamedia</subfield>
   </datafield>
   <datafield ind1=" " ind2=" " tag="338">
      <subfield code="a">volume</subfield>
      <subfield code="2">rdacarrier</subfield>
   </datafield>
   <datafield ind1=" " ind2=" " tag="504">
      <subfield code="a">Includes bibliographical references.</subfield>
   </datafield>
   <datafield ind1="0" ind2="0" tag="505">
      <subfield code="g">Introduction: degrowth /</subfield>
      <subfield code="r">Giorgos Kallis, Federico Demaria and Giacomo D'Alisa --</subfield>
      <subfield code="t">Anti-utilitarianism /</subfield>
      <subfield code="r">Onofrio Romano --</subfield>
      <subfield code="t">Bioeconomics /</subfield>
      <subfield code="r">Mauro Bonaiuti --</subfield>
      <subfield code="t">Development, critiques of /</subfield>
      <subfield code="r">Arturo Escobar --</subfield>
      <subfield code="t">Environmental justice /</subfield>
      <subfield code="r">Isabellle Anguelovski --</subfield>
      <subfield code="t">Environmentalism, currents of /</subfield>
      <subfield code="r">Joan Martinez-Alier --</subfield>
      <subfield code="t">Metabolism, societal /</subfield>
      <subfield code="r">Alevgül H. Şorman --</subfield>
      <subfield code="t">Political ecology /</subfield>
      <subfield code="r">Susan Paulson --</subfield>
      <subfield code="t">Steady state economics /</subfield>
      <subfield code="r">Joshua Farley --</subfield>
      <subfield code="t">Autonomy /</subfield>
      <subfield code="r">Marco Deriu --</subfield>
      <subfield code="t">Capitalism /</subfield>
      <subfield code="r">Diego Andreucci and Terrence McDonough --</subfield>
      <subfield code="t">Care /</subfield>
      <subfield code="r">Giacomo D' Alisa, Marco Deriu and Federico Demaria --</subfield>
      <subfield code="t">Commodification /</subfield>
      <subfield code="r">Erik Gómez-Baggethun --</subfield>
      <subfield code="t">Commodity frontiers /</subfield>
      <subfield code="r">Marta Conde and Mariana Walter --</subfield>
      <subfield code="t">Commons /</subfield>
      <subfield code="r">Silke Helfrich and David Bollier --</subfield>
      <subfield code="t">Conviviality /</subfield>
      <subfield code="r">Marco Deriu --</subfield>
      <subfield code="t">Dematerialization /</subfield>
      <subfield code="r">Sylvia Lorek --</subfield>
      <subfield code="t">Dépense /</subfield>
      <subfield code="r">Onofrio Romano --</subfield>
      <subfield code="t">Depoliticization ('the political') /</subfield>
      <subfield code="r">Erik Swyngedouw --</subfield>
      <subfield code="t">Disaster, pedagogy of /</subfield>
      <subfield code="r">Serge Latouche --</subfield>
      <subfield code="t">Entropy ;</subfield>
      <subfield code="t">Emergy /</subfield>
      <subfield code="r">Sergio Ulgiati --</subfield>
      <subfield code="t">Gross domestic product /</subfield>
      <subfield code="r">Dan O'Neill --</subfield>
      <subfield code="t">Growth /</subfield>
      <subfield code="r">Peter A. Victor --</subfield>
      <subfield code="t">Happiness /</subfield>
      <subfield code="r">Filka Sekulova --</subfield>
      <subfield code="t">Imaginary, decolonization of /</subfield>
      <subfield code="r">Serge Latouche --</subfield>
      <subfield code="t">Jevons' paradox /</subfield>
      <subfield code="r">Blake Alcott --</subfield>
      <subfield code="t">Neo-Malthusians /</subfield>
      <subfield code="r">Joan Martinez-Alier --</subfield>
      <subfield code="t">Peak-oil /</subfield>
      <subfield code="r">Christian Kerschner --</subfield>
      <subfield code="t">Simplicity /</subfield>
      <subfield code="r">Samuel Alexander --</subfield>
      <subfield code="t">Social limits of growth /</subfield>
      <subfield code="r">Giorgos Kallis --</subfield>
      <subfield code="t">Back-to-the-landers /</subfield>
      <subfield code="r">Rita Calvário and Iago Otero --</subfield>
      <subfield code="t">Basic and maximum income /</subfield>
      <subfield code="r">Samuel Alexander --</subfield>
      <subfield code="t">Community currencies /</subfield>
      <subfield code="r">Kristofer Dittmer --</subfield>
      <subfield code="t">Co-operatives /</subfield>
      <subfield code="r">Nadia Johanisova, Ruben Suriñach Padilla and Philippa Parry --</subfield>
      <subfield code="t">Debt audit /</subfield>
      <subfield code="r">Sergi Cutillas, David Llistar and Gemma Tarafa --</subfield>
      <subfield code="t">Digital commons /</subfield>
      <subfield code="r">Mayo Fuster Morell --</subfield>
      <subfield code="t">Disobedience /</subfield>
      <subfield code="r">Xavier Renou --</subfield>
      <subfield code="t">Eco-communities /</subfield>
      <subfield code="r">Claudio Cattaneo --</subfield>
      <subfield code="t">Indignados (Occupy) /</subfield>
      <subfield code="r">Viviana Asara and Barbara Muraca --</subfield>
      <subfield code="t">Job guarantee /</subfield>
      <subfield code="r">B.J. Unti --</subfield>
      <subfield code="t">Money, public /</subfield>
      <subfield code="r">Mary Mellor --</subfield>
      <subfield code="t">New economy /</subfield>
      <subfield code="r">Tim Jackson --</subfield>
      <subfield code="t">Nowtopians /</subfield>
      <subfield code="r">Cris Carlsson --</subfield>
      <subfield code="t">Post-normal science /</subfield>
      <subfield code="r">Giacomo D' Alisa and Giorgos Kallis --</subfield>
      <subfield code="t">Unions /</subfield>
      <subfield code="r">Denis Bayon --</subfield>
      <subfield code="t">Urban gardening /</subfield>
      <subfield code="r">Isabelle Anguelovski --</subfield>
      <subfield code="t">Work sharing /</subfield>
      <subfield code="r">Juliet B. Schor --</subfield>
      <subfield code="t">Buen Vivir /</subfield>
      <subfield code="r">Eduardo Gudynas  --</subfield>
      <subfield code="t">Economy of permanence /</subfield>
      <subfield code="r">Chiara Corazza and Solomon Victus --</subfield>
      <subfield code="t">Feminist economics /</subfield>
      <subfield code="r">Antonella Picchio --</subfield>
      <subfield code="t">Ubuntu /</subfield>
      <subfield code="r">Mogobe B. Ramose --</subfield>
      <subfield code="t">Epilogue: from austerity to dépense /</subfield>
      <subfield code="r">Giacomo D'Alisa, Giorgos Kallis and Federico Demaria.</subfield>
   </datafield>
   <datafield ind1=" " ind2=" " tag="520">
      <subfield code="a">"We live in an era of stagnation, rapid impoverishment, rising inequalities, and socio-ecological disasters. In the dominant discourse, these are effects of economic crisis, lack of growth or underdevelopment. This book argues growth is the cause of these problems and that it has become uneconomic, ecologically unsustainable and intrinsically unjust. When the language in use is inadequate to articulate what begs to be articulated, then it is time for a new vocabulary. A movement of activists and intellectuals, first starting in France and then spreading to the rest of the word has called for the decolonization of public debate from the idiom of economism and the abolishment of economic growth as a social objective. "Degrowth" ("Décroissance") has come to signify for them the desired direction of societies that will use less natural resources and will organize to live radically differently. "Simplicity", "conviviality", "autonomy", "care", "the commons" and "dépense", the social and ritual destruction of accumulated surplus, are some of the words that express what a degrowth society might look like. Degrowth A Vocabulary for a New Era is the first English language book to comprehensively cover the burgeoning literature on degrowth. It presents and explains the different lines of thought, imaginaries, and proposed courses of action that together complete the degrowth puzzle. The book brings together the top scholars writing in the field with young researchers who cultivate the research frontier and activists who practice degrowth on the ground. It will be an indispensable source of information and inspiration for all those who not only believe that another world is possible, but work and struggle to construct it right now. Join our book community at www.degrowthvocabulary.net for more material and conversations. "--</subfield>
      <subfield code="c">Provided by publisher.</subfield>
   </datafield>
   <datafield ind1=" " ind2=" " tag="520">
      <subfield code="a">"We live in an era of stagnation, rapid impoverishment, rising inequalities, and socio-ecological disasters. In the dominant discourse, these are effects of economic crisis, lack of growth or underdevelopment. This book argues growth is the cause of these problems and that it has become uneconomic, ecologically unsustainable and intrinsically unjust"--</subfield>
      <subfield code="c">Provided by publisher.</subfield>
   </datafield>
   <datafield ind1=" " ind2=" " tag="596">
      <subfield code="a">31</subfield>
   </datafield>
   <datafield ind1=" " ind2="0" tag="650">
      <subfield code="a">Economic development</subfield>
      <subfield code="x">Moral and ethical aspects.</subfield>
   </datafield>
   <datafield ind1=" " ind2="0" tag="650">
      <subfield code="a">Stagnation (Economics)</subfield>
   </datafield>
   <datafield ind1=" " ind2="0" tag="650">
      <subfield code="a">Poverty.</subfield>
   </datafield>
   <datafield ind1=" " ind2="0" tag="650">
      <subfield code="a">Sustainable development.</subfield>
   </datafield>
   <datafield ind1="1" ind2=" " tag="700">
      <subfield code="a">D'Alisa, Giacomo,</subfield>
      <subfield code="e">editor.</subfield>
   </datafield>
   <datafield ind1="1" ind2=" " tag="700">
      <subfield code="a">Demaria, Federico,</subfield>
      <subfield code="e">editor.</subfield>
   </datafield>
   <datafield ind1="1" ind2=" " tag="700">
      <subfield code="a">Kallis, Giorgos,</subfield>
      <subfield code="e">editor.</subfield>
   </datafield>
   <datafield ind1=" " ind2=" " tag="949">
      <subfield code="i">31979000577971</subfield>
      <subfield code="h">SKING-RF-B</subfield>
      <subfield code="l">ON_SHELF</subfield>
   </datafield>
   <datafield ind1=" " ind2=" " tag="926">
      <subfield code="a">HD 75 D4375 2015</subfield>
      <subfield code="w">LC</subfield>
      <subfield code="c">1</subfield>
      <subfield code="i">31979000577971</subfield>
      <subfield code="d">3/26/2017</subfield>
      <subfield code="e">3/26/2017</subfield>
      <subfield code="k">CHECKEDOUT</subfield>
      <subfield code="l">ON_SHELF</subfield>
      <subfield code="m">KINGS</subfield>
      <subfield code="n">27</subfield>
      <subfield code="r">M</subfield>
      <subfield code="s">Y</subfield>
      <subfield code="t">BOOK</subfield>
      <subfield code="u">1/8/2015</subfield>
   </datafield>
</record>
